@book{kshemkalyani2011distributed,
  title={Distributed computing: principles, algorithms, and systems},
  author={Kshemkalyani, Ajay D and Singhal, Mukesh},
  year={2011},
  publisher={Cambridge University Press}
}

@article{moses1986cheating,
  title={Cheating husbands and other stories: a case study of knowledge, action, and communication},
  author={Moses, Yoram and Dolev, Danny and Halpern, Joseph Y},
  journal={Distributed computing},
  volume={1},
  number={3},
  pages={167--176},
  year={1986},
  publisher={Springer}
}

@book{fagin2003reasoning,
  title={Reasoning about knowledge},
  author={Fagin, Ronald and Moses, Yoram and Vardi, Moshe Y and Halpern, Joseph Y},
  year={2003},
  publisher={MIT press}
}

